@manual{bloomsburg,
author = {Departments of Mathematics Computer Science and Statistics},
title = {Fifty Famous Curves Lots of Calculus Questions And a Few Answers},
note = {Bloombsburg University}
}

@article{karmarkar,
author = {N.~Karmarkar},
title = {A new polynomial time algorithm for linear programming},
journal = {Combinatorica},
volume = {4},
number = {4},
pages = {373-395},
year = {1984}}

@book{dantzig1,
author = {G.B.~Dantzig and M.N.~Thapa},
title = {Linear Programming 1:  Introduction},
year = {1997},
publisher = {Springer-Verlag}}

@book{dantzig2,
author = {G.B.~Dantzig and M.N.~Thapa},
title = {Linear Programming 2:  Theory and Extensions},
year = {2003},
publisher = {Springer-Verlag}}

@inproceedings{symphony,
author = {T.K.~Ralphs and M.~G{\"{u}}zelsoy},
title = {The {S}ymphony callable library for mixed integer programming},
booktitle = {The Next Wave in Computing, Optimization, and Decision 
Technologies, Operations Research/Computer Science Interfaces Series},
volume = {29},
year = {2005},
pages = {61-76}}

@misc{hopspack,
title = "Hybrid Optimization Parallel Search {PACK}age Home Page",
howpublished = "\url{https://software.sandia.gov/trac/hopspack/wiki}",
}

@misc{mosek,
title = "{MOSEK} Homepage",
howpublished = "\url{www.mosek.com/index.php}",
}

@article{minto,
author = {G.L.~Nemhauser and M.W.P.~Savelsbergh and G.S.~Sigismondi},
year = {1994},
title = {{MINTO}, a {M}ixed {INT}eger {O}ptimizer},
journal = {Oper. Res. Letters},
volume = {15},
pages = {47-58}}

@article{lori_pat,
author = {L.A.~Freitag and P.M.~Knupp},
title = {Tetrahedral mesh improvement via optimization of the element 
condition number},
journal = {Int. J. Numer. Meth. Eng.},
volume = {53},
issue = {6},
pages = {1377-1391},
year = {2001}}

@article{feasnewt,
author = {T.~Munson},
title = {Mesh shape-quality optimization using the inverse mean-ratio 
metric},
journal = {Math. Program.},
year = {2007},
volume = {110},
pages = {561-590}}

@article{multiobjective,
author = {J.~Kim and T.~Panitanarak and S.M.~Shontz},
title = {A multiobjective mesh optimization framework for mesh quality 
improvement and mesh untangling},
journal = {Int. J. Numer. Meth. Eng.},
volume = {94},
issue = {1},
pages = {20-42},
year = {2013}}

@article{logbarrier,
author = {S.P.~Sastry and S.M.~Shontz and S.A.~Vavasis},
title = {A log-barrier method for mesh quality improvement and untangling},
journal = {Eng. Comput.},
year = {2012},
note = {Published online ahead of print}}

@book{interactive_curve_modeling,
author = {M.~Sarfraz},
title = {Interactive Curve Modeling:  {W}ith Applications
to Computer Graphics, Vision, and Image Processing},
publisher = {Springer-Verlag},
city = {London},
year = {2008}}

@article{iga,
author = {T.J.R.~Hughes and J.A.~Cottrell and Y.~Bazilevs},
title = {Isogeometric analysis:  {CAD}, finite elements,
{NURBS}, exact geometry, and mesh refinement},
journal = {Comput. Methods Appl. Mech. Engrg.},
volume = {194},
issue = {39-41},
pages = {4135-4195},
year = {2005}}

@incollection{aflr,
author = {D.L.~Marcum},
title = {Advancing-Front/Local-Reconnection ({ALFR}) unstructured grid 
generation},
booktitle = {Computational Fluid Dynamics Review}, 
publisher = {World Scientific-Singapore}, 
pages = {140}, 
year = {1998}}

@book{delaunay,
author = {{S.-W.}~Cheng and T.K.~Dey and J.R.~Shewchuk},
title = {Delaunay Mesh Generation},
publisher = {{CRC} Press},
city = {Boca Raton, Florida},
year = {2012}}

@misc{cubit,
title = "{CUBIT:} {G}eometry and Mesh Generation Toolkit",
howpublished = "\url{http://cubit.sandia.gov}",
}

@article{bowyer81,
title = "Computing Dirichlet tesselations",
journal = "The Computer Journal",
volume = "24",
issue = "2",
pages = "162-166",
author = "Adrian Bowyer",
year = "1981"
}

@article{watson81,
title = "Computing the n-dimensional Delaunay tesselation with application to Voronoi polytopes",
journal = "The Computer Journal",
volume = "24",
issue = "2",
pages = "167-172",
author = "David Watson",
year = "1981"
}

@article{marcum98,
title = "Advancing-Front/Local-Reconnection (AFLR) Unstructured Grid Generation",
journal = "Computational Fluids Review, World-Scientific",
pages = "140",
author = "David Marcum",
year = "1998"
}
@article{bischoff05,
author = "S Bischoff and L Kobbelt",
title = "Structure Preserving {CAD} model repair",
year = "2005",
journal = "Eurographics",
volume = "24",
number = "3"
}

@article{hughes05,
author = "T.J.R. Hughes and J.A. Cottrell and Y. Bazilevs",
title = "Isogeometric analysis: CAD, finite elements, NURBS, exact geometry and mesh refinement",
year = "2005",
journal = "Computer Methods in Applied Mechanics and Engineering",
volume = "194",
year = "2005",
pages = "4135-4195"
}

@article{borden10,
author = "M.J. Borden and M.A. Scott and J.A. Evans and T.J.R. Hughes",
title = "Isogeometric finite element data structures based on B`ezier extraction of NURBS",
year = "2010",
journal = "International Journal for Numerical Methods in Engineering",
volume = "87",
pages = "15-47"
}

@article{bazilevs10,
author = "Y. Bazilevs and V.M. Calo and J.A. Cottrell and J.A. Evans and T.J.R. Hughes and S. Lipton and M.A. Scott and T.W. Sederberg",
title = "Isogeometric analysis using T-splines",
year = "2010",
journal = "Computer Methods in Applied Mechanics and Engineering",
volume = "199",
pages = "229-263"
}

@inproceedings{mclaurin13,
author = "D.~McLaurin and S.~Shontz",
title = "Automated Edge Grid Generation Based on Arc-Length Optimization",
year = "2013",
booktitle = "Proc. of $22^{nd}$ International Meshing Roundtable",
address = "Orlando, FL",
organization = "Sandia National Laboratories"
}

@inproceedings{mclaurin12,
author = "D.~McLaurin",
title = "Automated, Curvature Based Edge-Grid Generation",
year = "2012",
booktitle = "Proc. of AlaSim 2012",
address = "Huntsville, AL",
organization = "Alabama Modeling and Simulation Council"
}

@article{laug04,
author = "P.~Laug and H.~Borouchaki",
title = "Curve Linearization and discretization for meshing composite parametric surfaces",
year = "2004",
journal = "Commun. Numer. Meth. En.",
volume = "20",
pages = "869--876"
}

@book{thompson98,
editor = "J.F.~Thompson and B.K.~Soni and N.P.~Weatherill",
title = "Handbook of Grid Generation",
year = "1998",
publisher = "CRC Press"
}

@book{casey1888,
editor = "J.~Casey",
title = "A Sequel to the First Six Books of the Elements of Euclid, Containing and Easy Introduction to Modern Geometry with Numerous Examples",
edition = "$5^{th}$",
address = "Dublin",
publisher = "Hodges, Figgis, \& Co.",
year = "1888"
} 

@book{cormen01,
author = "T.~Cormen and C.~Leiserson and R.~Rivest and C.~Stein",
title = "Introduction to Algorithms",
edition = "2nd",
pages = "327",
year = "2001",
publisher = "MIT Press"
}

@inbook{brent73,
author = "Richard Brent",
title = "Algorithms for Minimization Without Derivatives",
publisher = "Prentice-Hall",
section = "Chapter 4",
year = "1973",
address = "Englewood Cliffs, NJ"
}

@inbook{gray97,
author = "A.~Gray and E.~Abbena and S.~Salamon",
title = "Modern Differential Geometry of Curves and Surfaces with Mathematica",
year = "1997",
pages = "111-115",
publisher = "CRC Press",
section = "5.6 Osculating Circles to Plane Curves",
address = "Boca Raton, FL"
}

@inbook{kreyszig91,
author = "E.~Kreyszig",
title = "Differential Geometry",
year = "1991",
address = "Dover, NY",
pages = "34-36",
section = "12 Principal Normal, Curvature, Osculating Circle",
edition = "1st",
publisher = "Dover Books on Methematics"
}

@article{macklin06,
author = "P.~Macklin and J.~Lowengrub",
title = "An improved geometry-aware curvature discretization for level set method: Applications to tumor growth",
year = "2006",
journal = "J. Comput. Phys.",
volume = "215",
pages = "392-401"
}

@article{hofer04,
author = "M.~Hofer and H.~Pottmann",
title = "Energy-minimizing splines in manifold",
year = "2004",
journal = "ACM Transactions on Graphics (TOG) - Proc. of ACM 
SIGGRAPH 2004",
volume = "23",
issue = "3",
pages = "284-293"
}

@inproceedings{zehiry10,
author = "N.~El-Zehiry and L.~Grady",
title = "Fast Global Optimization of Curvature",
year = "2010",
booktitle = "Computer Vision and Pattern Recognition, IEEE",
pages = "3257-3264",
address = "Princeton, NJ"
}

@article{ebeida10,
author = "M.~Ebeida and R.~Davis and R.~Fruend",
title = "A new fast hybrid adaptive grid generation technique for arbitrary dimensional domains",
year = "2010",
journal = "Int. J. Numer. Meth. Eng.",
volume = "84",
issue = "3",
pages = "305-329"
}

@inproceedings{hermann07,
author = "S Hermann and R Klette",
title = "A Comparative Study on {2D} Curvature Estimators",
year = "2007",
booktitle = "Proc. of the International Conference on Computing: Theory 
and Applications (ICCTA)",
pages = "584-589"
}

@misc{mclaurin10,
author = "D.~McLaurin",
title = "Automated Point Spacing",
year = "2010",
howpublished = {\url{http://www.simcenter.msstate.edu/docs/solidmesh/automatedpointspacingreport.pdf}},
note = "Online Tutorial"
}

@misc{weissteineEllipse,
author = "E.~Weisstein",
title = "Ellipse",
note = "Online Knowledge Base",
howpublished = {\url{http://mathworld.wolfram.com/Ellipse.html}}
}

@misc{weissteineSagitta,
author = "E.~Weisstein",
title = "Ellipse",
note = "Online Knowledge Base",
howpublished = {\url{http://mathworld.wolfram.com/Sagitta.html}}
}

@article{cuilliere97,
author = "J.C.~Cuilliere",
title = "A direct method for the automatic discretization of {3D} parametric curves",
year = "1997",
journal = "Comput.-Aided Des.",
volume = "29",
issue = "9",
pages = "639-647"
}

@article{horng02,
author = "{J.-H.}~Horng and J.~Li",
title = "An automatic and efficient dynamic programming algorithm for polygonal approximation of digital curves",
journal = "Pattern Recogn. Lett.",
volume = "23",
issue = "1-3",
year = "2002",
pages = "171-182",
address = "New York, NY"
}

@book{ripley08,
author = "B.D. Ripley",
title = "Pattern Recognition and Neural Networks",
year = "2008",
publisher = "Cambridge University Press"
}

@article{lohner88,
author = "R.~L{\"{o}}hner and P.~Parikh",
title = "Generation of Three-Dimentsional Unstructured Grids by the Advancing-Front Method",
journal = "Int. J. Numer. Meth. Fl.",
volume = "8",
pages = "1135-1149",
year = "1988"
}

@inproceedings{shewchuk98,
author = "Jonathan Shewchuk",
title = "Tetrahedral mesh generation by Delaunay refinement",
year = "1998",
booktitle = "Proc. of the $14^{th}$ Annual Symposium on 
Computational Geometry",
pages = "86-95"
}

@article{shewchuk02,
author = "Jonathan Shewchuk",
title = "Delaunay refinement algorithms for triangular mesh generation",
journal = "Comput. Geom. Theory Appl.",
volume = "22",
pages = "21-74",
year = "2002"
}

@inproceedings{cunha97,
author={A. Cunha and S. Canann and S. Saigal},
title={Automatic Boundary Sizing for 2D and 3D Meshes},
year={1997},
booktitle={Proc. of the $6^{th}$ International Meshing Roundtable}
}

@inproceedings{cabello03,
author={J. Cabello},
title={Towards Quality Surface Meshing},
year={2003},
booktitle={Proc. of the $12^{th}$ International Meshing Roundtable}
}

@inproceedings{quadros04,
author={W. Quadros and S. Owen and M. Brewer and K. Shimada},
title={Finite Element Mesh Sizing for Surfaces Using Skeleton},
year={2004},
booktitle={Proc. of the $13^{th}$ International 
Meshing Roundtable}
}
